@article{foggpersuasive,
  title={Persuasive technology: using computers to change what we think and do},
  author={Fogg, Brian J},
  journal={Ubiquity},
  volume={2002},
  number={December},
  pages={5},
  year={2002},
  publisher={ACM}
}

@article{whypeopleavoidadvertising,
  title={Why do people avoid advertising on the internet?},
  author={Cho, Chang-Hoan and as-, University of Texas at Austin) is an},
  journal={Journal of advertising},
  volume={33},
  number={4},
  pages={89--97},
  year={2004},
  publisher={Taylor \& Francis}
}

@inproceedings{adblockusability,
  title={Why Johnny can't opt out: a usability evaluation of tools to limit online behavioral advertising},
  author={Leon, Pedro and Ur, Blase and Shay, Richard and Wang, Yang and Balebako, Rebecca and Cranor, Lorrie},
  booktitle={Proceedings of the SIGCHI Conference on Human Factors in Computing Systems},
  pages={589--598},
  year={2012},
  organization={ACM}
}

@inproceedings{cai2015wait,
  title={Wait-Learning: Leveraging wait time for second language education},
  author={Cai, Carrie J and Guo, Philip J and Glass, James R and Miller, Robert C},
  booktitle={Proceedings of the 33rd Annual ACM Conference on Human Factors in Computing Systems},
  pages={3701--3710},
  year={2015},
  organization={ACM}
}

@article{adblockinggoesmainstream,
  title={Adblocking goes mainstream},
  author={Pagefair and Adobe},
  journal={PageFair and Adobe 2014 report},
  publisher={PageFair and Adobe 2014 report},
  year={2014}
}

@incollection{adblockinggames,
  title={Ad-blocking games: Monetizing online content under the threat of ad avoidance},
  author={Vratonjic, Nevena and Manshaei, Mohammad Hossein and Grossklags, Jens and Hubaux, Jean-Pierre},
  booktitle={The Economics of Information Security and Privacy},
  pages={49--73},
  year={2013},
  publisher={Springer}
}

@article{karpicke2011spaced,
  title={Spaced retrieval: absolute spacing enhances learning regardless of relative spacing.},
  author={Karpicke, Jeffrey D and Bauernschmidt, Althea},
  journal={Journal of Experimental Psychology: Learning, Memory, and Cognition},
  volume={37},
  number={5},
  pages={1250},
  year={2011},
  publisher={American Psychological Association}
}

@article{optimalschedule,
  title={Using a model to compute the optimal schedule of practice.},
  author={Pavlik, Philip I and Anderson, John R},
  journal={Journal of Experimental Psychology: Applied},
  volume={14},
  number={2},
  pages={101},
  year={2008},
  publisher={American Psychological Association}
}

@article{nielsen2014,
  title={The U.S. Digital Consumer Report},
  author={Nielsen},
  journal={The Nielsen Company},
  publisher={The Nielsen Company},
  year={2014}
}

@article{spacedrepetition,
  title={Spaced retrieval: absolute spacing enhances learning regardless of relative spacing.},
  author={Karpicke, Jeffrey D and Bauernschmidt, Althea},
  journal={Journal of Experimental Psychology: Learning, Memory, and Cognition},
  volume={37},
  number={5},
  pages={1250},
  year={2011},
  publisher={American Psychological Association}
}

@inproceedings{memreflex,
  title={MemReflex: adaptive flashcards for mobile microlearning},
  author={Edge, Darren and Fitchett, Stephen and Whitney, Michael and Landay, James},
  booktitle={Proceedings of the 14th international conference on Human-computer interaction with mobile devices and services},
  pages={431--440},
  year={2012},
  organization={ACM}
}

@article{screensaver,
  title={Integrated Micro Learning--An outline of the basic method and first results},
  author={Gassler, Gerhard and Hug, Theo and Glahn, Christian},
  journal={Interactive Computer Aided Learning},
  volume={4},
  year={2004}
}

@inproceedings{smartsubtitles,
  title={Smart subtitles for vocabulary learning},
  author={Kovacs, Geza and Miller, Robert C},
  booktitle={Proceedings of the 32nd annual ACM conference on Human factors in computing systems},
  pages={853--862},
  year={2014},
  organization={ACM}
}

@inproceedings{carriearcade,
  title={Adapting arcade games for learning},
  author={Cai, Carrie J},
  booktitle={CHI'13 Extended Abstracts on Human Factors in Computing Systems},
  pages={2665--2670},
  year={2013},
  organization={ACM}
}

@article{socialmediaupdate,
  title={Social media update 2013},
  author={Duggan, Maeve and Smith, Aaron},
  journal={Pew Internet and American Life Project},
  year={2013}
}

@article{cyberslacking,
  title={Cyber-Slacking: Self-Control, Prior Behavior And The Impact Of Deterrence Measures},
  author={Ugrin, Joseph C and Pearson, J Michael and Odom, Marcus D},
  journal={Review of Business Information Systems (RBIS)},
  volume={12},
  number={1},
  pages={75--88},
  year={2011}
}

@article{collegefacebook,
  title={College students' social networking experiences on Facebook},
  author={Pempek, Tiffany A and Yermolayeva, Yevdokiya A and Calvert, Sandra L},
  journal={Journal of Applied Developmental Psychology},
  volume={30},
  number={3},
  pages={227--238},
  year={2009},
  publisher={Elsevier}
}

@article{collegefacebook2,
  title={The benefits of Facebook “friends:” Social capital and college students’ use of online social network sites},
  author={Ellison, Nicole B and Steinfield, Charles and Lampe, Cliff},
  journal={Journal of Computer-Mediated Communication},
  volume={12},
  number={4},
  pages={1143--1168},
  year={2007},
  publisher={Wiley Online Library}
}

@incollection{foggfacebook,
  title={Mass interpersonal persuasion: An early view of a new phenomenon},
  author={Fogg, BJ},
  booktitle={Persuasive Technology},
  pages={23--34},
  year={2008},
  publisher={Springer}
}

@incollection{microlearning,
  title={Context-sensitive microlearning of foreign language vocabulary on a mobile device},
  author={Beaudin, Jennifer S and Intille, Stephen S and Tapia, Emmanuel Munguia and Rockinson, Randy and Morris, Margaret E},
  booktitle={Ambient Intelligence},
  pages={55--72},
  year={2007},
  publisher={Springer}
}

@inproceedings{micromandarin,
  title={MicroMandarin: mobile language learning in context},
  author={Edge, Darren and Searle, Elly and Chiu, Kevin and Zhao, Jing and Landay, James A},
  booktitle={Proceedings of the SIGCHI Conference on Human Factors in Computing Systems},
  pages={3169--3178},
  year={2011},
  organization={ACM}
}

@inproceedings{waitlearning,
  title={Wait-learning: leveraging conversational dead time for second language education},
  author={Cai, Carrie J and Guo, Philip J and Glass, James and Miller, Robert C},
  booktitle={CHI'14 Extended Abstracts on Human Factors in Computing Systems},
  pages={2239--2244},
  year={2014},
  organization={ACM}
}

@inproceedings{augmenting,
  title={Augmenting the web for second language vocabulary learning},
  author={Trusty, Andrew and Truong, Khai N},
  booktitle={Proceedings of the SIGCHI Conference on Human Factors in Computing Systems},
  pages={3179--3188},
  year={2011},
  organization={ACM}
}

@article{socialsharing,
  title={From “nobody cares” to “way to go!”: A Design Framework for Social Sharing in Personal Informatics},
  author={Epstein, Daniel A and Jacobson, Bradley H and Bales, Elizabeth and McDonald, David W and Munson, Sean A},
  year={2014}
}

@article{wordnet,
  title={WordNet: a lexical database for English},
  author={Miller, George A},
  journal={Communications of the ACM},
  volume={38},
  number={11},
  pages={39--41},
  year={1995},
  publisher={ACM}
}

@article{multimediavocabulary,
  title={Effects of multimedia vocabulary annotations and learning styles on vocabulary learning},
  author={Yeh, Yuli and Wang, Chai-wei},
  journal={Calico Journal},
  volume={21},
  number={1},
  pages={131--144},
  year={2003}
}
