@article{cyberslacking,
  title={Cyber-Slacking: Self-Control, Prior Behavior And The Impact Of Deterrence Measures},
  author={Ugrin, Joseph C and Pearson, J Michael and Odom, Marcus D},
  journal={Review of Business Information Systems (RBIS)},
  volume={12},
  number={1},
  pages={75--88},
  year={2011}
}

@article{collegefacebook,
  title={College students' social networking experiences on Facebook},
  author={Pempek, Tiffany A and Yermolayeva, Yevdokiya A and Calvert, Sandra L},
  journal={Journal of Applied Developmental Psychology},
  volume={30},
  number={3},
  pages={227--238},
  year={2009},
  publisher={Elsevier}
}

@article{collegefacebook2,
  title={The benefits of Facebook “friends:” Social capital and college students’ use of online social network sites},
  author={Ellison, Nicole B and Steinfield, Charles and Lampe, Cliff},
  journal={Journal of Computer-Mediated Communication},
  volume={12},
  number={4},
  pages={1143--1168},
  year={2007},
  publisher={Wiley Online Library}
}

@incollection{foggfacebook,
  title={Mass interpersonal persuasion: An early view of a new phenomenon},
  author={Fogg, BJ},
  booktitle={Persuasive Technology},
  pages={23--34},
  year={2008},
  publisher={Springer}
}

@incollection{microlearning,
  title={Context-sensitive microlearning of foreign language vocabulary on a mobile device},
  author={Beaudin, Jennifer S and Intille, Stephen S and Tapia, Emmanuel Munguia and Rockinson, Randy and Morris, Margaret E},
  booktitle={Ambient Intelligence},
  pages={55--72},
  year={2007},
  publisher={Springer}
}

@inproceedings{micromandarin,
  title={MicroMandarin: mobile language learning in context},
  author={Edge, Darren and Searle, Elly and Chiu, Kevin and Zhao, Jing and Landay, James A},
  booktitle={Proceedings of the SIGCHI Conference on Human Factors in Computing Systems},
  pages={3169--3178},
  year={2011},
  organization={ACM}
}

@inproceedings{waitlearning,
  title={Wait-learning: leveraging conversational dead time for second language education},
  author={Cai, Carrie J and Guo, Philip J and Glass, James and Miller, Robert C},
  booktitle={CHI'14 Extended Abstracts on Human Factors in Computing Systems},
  pages={2239--2244},
  year={2014},
  organization={ACM}
}

@inproceedings{augmenting,
  title={Augmenting the web for second language vocabulary learning},
  author={Trusty, Andrew and Truong, Khai N},
  booktitle={Proceedings of the SIGCHI Conference on Human Factors in Computing Systems},
  pages={3179--3188},
  year={2011},
  organization={ACM}
}

@article{socialsharing,
  title={From “nobody cares” to “way to go!”: A Design Framework for Social Sharing in Personal Informatics},
  author={Epstein, Daniel A and Jacobson, Bradley H and Bales, Elizabeth and McDonald, David W and Munson, Sean A},
  year={2014}
}

@article{wordnet,
  title={WordNet: a lexical database for English},
  author={Miller, George A},
  journal={Communications of the ACM},
  volume={38},
  number={11},
  pages={39--41},
  year={1995},
  publisher={ACM}
}

@article{multimediavocabulary,
  title={Effects of multimedia vocabulary annotations and learning styles on vocabulary learning},
  author={Yeh, Yuli and Wang, Chai-wei},
  journal={Calico Journal},
  volume={21},
  number={1},
  pages={131--144},
  year={2003}
}
